<record><leader>00000cas a2200000 a 4500</leader><controlfield tag="001">6337656</controlfield><controlfield tag="008">800520d18451847tnuwr ne      0    0eng d</controlfield><datafield ind1=" " ind2=" " tag="010"><subfield code="a">sn 84024446 </subfield></datafield><datafield ind1=" " ind2=" " tag="040"><subfield code="a">NDD</subfield><subfield code="b">eng</subfield><subfield code="c">NDD</subfield><subfield code="d">NPV</subfield><subfield code="d">NPX</subfield><subfield code="d">TGN</subfield><subfield code="d">OCL</subfield><subfield code="d">OCLCF</subfield><subfield code="d">OCLCO</subfield></datafield><datafield ind1=" " ind2=" " tag="042"><subfield code="a">msc</subfield></datafield><datafield ind1=" " ind2="4" tag="050"><subfield code="a">JK2334.N2</subfield><subfield code="b">P64</subfield></datafield><datafield ind1="0" ind2=" " tag="130"><subfield code="a">Politician (Nashville, Tenn.)</subfield></datafield><datafield ind1="0" ind2="4" tag="245"><subfield code="a">The politician.</subfield></datafield><datafield ind1=" " ind2=" " tag="260"><subfield code="a">Nashville [Tenn.] :</subfield><subfield code="b">B.R. McKennie,</subfield><subfield code="c">1845-1847.</subfield></datafield><datafield ind1=" " ind2=" " tag="300"><subfield code="a">v. ;</subfield><subfield code="c">32 cm.</subfield></datafield><datafield ind1=" " ind2=" " tag="310"><subfield code="a">Weekly</subfield></datafield><datafield ind1="0" ind2=" " tag="362"><subfield code="a">Vol. 1, no. 1 (Apr. 18, 1845)-v. 2, no. 52 (Apr. 9, 1847).</subfield></datafield><datafield ind1=" " ind2=" " tag="500"><subfield code="a">Editor: Allen A. Hall, 1845-1847.</subfield></datafield><datafield ind1=" " ind2=" " tag="500"><subfield code="a">Publishers: B.R. McKennie, 1845; B.R. McKennie &amp; Co., 1845-1847.</subfield></datafield><datafield ind1=" " ind2="0" tag="651"><subfield code="a">Nashville (Tenn.)</subfield><subfield code="v">Newspapers.</subfield></datafield><datafield ind1=" " ind2="0" tag="651"><subfield code="a">Davidson County (Tenn.)</subfield><subfield code="v">Newspapers.</subfield></datafield><datafield ind1=" " ind2="7" tag="655"><subfield code="a">Newspapers.</subfield><subfield code="2">fast</subfield><subfield code="0">(OCoLC)fst01423814</subfield></datafield><datafield ind1=" " ind2="7" tag="651"><subfield code="a">Tennessee</subfield><subfield code="z">Davidson County.</subfield><subfield code="2">fast</subfield><subfield code="0">(OCoLC)fst01205346</subfield></datafield><datafield ind1=" " ind2="7" tag="651"><subfield code="a">Tennessee</subfield><subfield code="z">Nashville.</subfield><subfield code="2">fast</subfield><subfield code="0">(OCoLC)fst01204195</subfield></datafield><datafield ind1=" " ind2=" " tag="752"><subfield code="a">United States</subfield><subfield code="b">Tennessee</subfield><subfield code="c">Davidson</subfield><subfield code="d">Nashville.</subfield></datafield><datafield ind1="0" ind2=" " tag="775"><subfield code="t">Nashville Whig (Nashville, Tenn. : 1838 : Triweekly)</subfield><subfield code="w">(DLC)sn 86071273</subfield></datafield><datafield ind1="0" ind2=" " tag="775"><subfield code="t">Nashville Whig (Nashville, Tenn. : 1838 : Daily)</subfield><subfield code="w">(DLC)sn 86071272</subfield></datafield><datafield ind1="0" ind2="0" tag="780"><subfield code="t">Nashville Whig (Nashville, Tenn. : 1838 : Weekly)</subfield><subfield code="w">(DLC)sn 86053521</subfield></datafield><datafield ind1="0" ind2="0" tag="785"><subfield code="t">Politician and weekly Nashville Whig</subfield><subfield code="w">(DLC)sn 84024447</subfield></datafield><datafield ind1=" " ind2=" " tag="936"><subfield code="a">1847/48</subfield></datafield></record>